%% This BibTeX bibliography file was created using BibDesk.
%% http://bibdesk.sourceforge.net/


%% Created for Adam Liter at 2013-06-29 20:02:59 -0400 


%% Saved with string encoding Unicode (UTF-8) 



@book{heim1998,
	Author = {Irene Heim and Angelika Kratzer},
	Date-Added = {2013-06-29 23:15:53 +0000},
	Date-Modified = {2013-06-29 23:17:25 +0000},
	Keywords = {semantics},
	Publisher = {Malden, MA: Blackwell Publishers Inc},
	Title = {Semantics in Generative Grammar},
	Year = {1998}}
